<record><leader>00000cas a22000007a 4500</leader><controlfield tag="001">25882125</controlfield><controlfield tag="008">920526d18861890riuwr ne      0    0eng d</controlfield><datafield ind1=" " ind2=" " tag="010"><subfield code="a">sn 92064062 </subfield></datafield><datafield ind1=" " ind2=" " tag="040"><subfield code="a">RHN</subfield><subfield code="b">eng</subfield><subfield code="c">RHN</subfield><subfield code="d">OCLCQ</subfield></datafield><datafield ind1=" " ind2=" " tag="042"><subfield code="a">msc</subfield></datafield><datafield ind1="0" ind2="0" tag="245"><subfield code="a">Pawtucket record.</subfield></datafield><datafield ind1=" " ind2=" " tag="260"><subfield code="a">Pawtucket, R.I. :</subfield><subfield code="b">H.H. Sheldon</subfield></datafield><datafield ind1=" " ind2=" " tag="300"><subfield code="a">v.</subfield></datafield><datafield ind1=" " ind2=" " tag="310"><subfield code="a">Weekly,</subfield><subfield code="b">Jan. 1, 1887-Dec. 30, 1890</subfield></datafield><datafield ind1=" " ind2=" " tag="321"><subfield code="a">Monthly,</subfield><subfield code="b">July-Dec. 1886</subfield></datafield><datafield ind1="0" ind2=" " tag="362"><subfield code="a">Vol. 1, no. 3 (June 1886)-v. 5, no. 52 (Dec. 30, 1890).</subfield></datafield><datafield ind1=" " ind2=" " tag="580"><subfield code="a">Daily eds.: Pawtucket evening record, Feb. 26, 1889, and: Pawtucket morning record, Feb. 27, 1889.</subfield></datafield><datafield ind1=" " ind2="4" tag="651"><subfield code="a">Pawtucket (R.I.)</subfield><subfield code="v">Newspapers.</subfield></datafield><datafield ind1=" " ind2="4" tag="651"><subfield code="a">Central Falls (R.I.)</subfield><subfield code="v">Newspapers.</subfield></datafield><datafield ind1=" " ind2=" " tag="752"><subfield code="a">United States</subfield><subfield code="b">Rhode Island</subfield><subfield code="c">Providence</subfield><subfield code="d">Pawtucket.</subfield></datafield><datafield ind1="1" ind2=" " tag="775"><subfield code="t">Pawtucket evening record</subfield><subfield code="w">(DLC)sn 92064063</subfield></datafield><datafield ind1="1" ind2=" " tag="775"><subfield code="t">Pawtucket morning record</subfield><subfield code="w">(DLC)sn 92064064</subfield></datafield><datafield ind1="0" ind2="0" tag="780"><subfield code="t">Pawtucket and Central Falls real estate record</subfield><subfield code="w">(DLC)sn 92064058</subfield></datafield><datafield ind1="0" ind2="7" tag="785"><subfield code="t">Weekly visitor (Central Falls, R.I.)</subfield><subfield code="w">(DLC)sn 83021113</subfield></datafield><datafield ind1="0" ind2="7" tag="785"><subfield code="t">Record-visitor</subfield><subfield code="w">(DLC)sn 92064065</subfield></datafield><datafield ind1="1" ind2=" " tag="029"><subfield code="a">AU@</subfield><subfield code="b">000020748807</subfield></datafield></record>